<record><leader>00000cas a2200000 a 4500</leader><controlfield tag="001">15807840</controlfield><controlfield tag="008">870604d18921967iluwr ne      0   a0eng c</controlfield><datafield ind1=" " ind2=" " tag="010"><subfield code="a">sn 87082506 </subfield></datafield><datafield ind1=" " ind2=" " tag="040"><subfield code="a">NPV</subfield><subfield code="b">eng</subfield><subfield code="c">NPV</subfield><subfield code="d">DLC</subfield><subfield code="d">KNP</subfield><subfield code="d">NVF</subfield><subfield code="d">KNP</subfield><subfield code="d">NVF</subfield><subfield code="d">OCLCF</subfield><subfield code="d">OCLCO</subfield><subfield code="d">NVF</subfield></datafield><datafield ind1=" " ind2=" " tag="042"><subfield code="a">pcc</subfield></datafield><datafield ind1=" " ind2=" " tag="043"><subfield code="a">n-us-il</subfield></datafield><datafield ind1="0" ind2="4" tag="245"><subfield code="a">The Piatt County Republican.</subfield></datafield><datafield ind1=" " ind2=" " tag="260"><subfield code="a">Monticello, Ill. :</subfield><subfield code="b">Burgess &amp; Humphrey,</subfield><subfield code="c">1892-1967.</subfield></datafield><datafield ind1=" " ind2=" " tag="300"><subfield code="a">v.</subfield></datafield><datafield ind1=" " ind2=" " tag="310"><subfield code="a">Weekly</subfield></datafield><datafield ind1="0" ind2=" " tag="362"><subfield code="a">Vol. 19, no. 6 (Apr. 14, 1892)-v. 94, no. 9 (Mar. 2, 1967).</subfield></datafield><datafield ind1=" " ind2=" " tag="530"><subfield code="a">Preservation microfilmed by the University of Illinois at Urbana-Champaign Library as part of the United States Newspaper Program; the year 1896 (on 1 microfilm reel) is available for purchase from OCLC Preservation Service Centers.</subfield></datafield><datafield ind1=" " ind2=" " tag="580"><subfield code="a">Daily ed.: Daily Republican (Monticello, Ill.), 1908.</subfield></datafield><datafield ind1=" " ind2=" " tag="580"><subfield code="a">Formed by the union of: Piatt County herald and: Piatt independent (Monticello, Ill. : 1887).</subfield></datafield><datafield ind1=" " ind2=" " tag="580"><subfield code="a">Merged with: Piatt County journal, to form: Piatt County journal-Republican.</subfield></datafield><datafield ind1=" " ind2="0" tag="651"><subfield code="a">Monticello (Ill.)</subfield><subfield code="v">Newspapers.</subfield></datafield><datafield ind1=" " ind2="0" tag="651"><subfield code="a">Piatt County (Ill.)</subfield><subfield code="v">Newspapers.</subfield></datafield><datafield ind1=" " ind2="7" tag="651"><subfield code="a">Illinois</subfield><subfield code="z">Monticello.</subfield><subfield code="2">fast</subfield><subfield code="0">(OCoLC)fst01212123</subfield></datafield><datafield ind1=" " ind2="7" tag="651"><subfield code="a">Illinois</subfield><subfield code="z">Piatt County.</subfield><subfield code="2">fast</subfield><subfield code="0">(OCoLC)fst01215006</subfield></datafield><datafield ind1=" " ind2="7" tag="655"><subfield code="a">Newspapers.</subfield><subfield code="2">fast</subfield><subfield code="0">(OCoLC)fst01423814</subfield></datafield><datafield ind1=" " ind2=" " tag="752"><subfield code="a">United States</subfield><subfield code="b">Illinois</subfield><subfield code="c">Piatt County</subfield><subfield code="d">Monticello.</subfield></datafield><datafield ind1="1" ind2=" " tag="775"><subfield code="t">Daily Republican (Monticello, Ill.)</subfield><subfield code="w">(DLC)sn 92053159</subfield><subfield code="w">(OCoLC)25449428</subfield></datafield><datafield ind1="1" ind2="4" tag="780"><subfield code="t">Piatt County herald</subfield><subfield code="w">(DLC)sn 87056734</subfield><subfield code="w">(OCoLC)17166096</subfield></datafield><datafield ind1="1" ind2="4" tag="780"><subfield code="t">Piatt independent (Monticello, Ill. : 1887)</subfield><subfield code="w">(DLC)sn 92053156</subfield><subfield code="w">(OCoLC)25443696</subfield></datafield><datafield ind1="1" ind2="7" tag="785"><subfield code="t">Piatt County journal</subfield><subfield code="w">(DLC)sn 82015689</subfield><subfield code="w">(OCoLC)8811481</subfield></datafield><datafield ind1="1" ind2="7" tag="785"><subfield code="t">Piatt County journal-Republican</subfield><subfield code="w">(DLC)sn 92053155</subfield><subfield code="w">(OCoLC)25441932</subfield></datafield><datafield ind1="1" ind2=" " tag="029"><subfield code="a">AU@</subfield><subfield code="b">000020480125</subfield></datafield></record>